<?xml version="1.0" encoding="UTF-8"?><collection xmlns="http://www.loc.gov/MARC21/slim"><record><leader>00375nam--2200133-i-4500</leader><controlfield tag="001">000032480</controlfield><controlfield tag="002">20161230</controlfield><controlfield tag="005">20161230201039</controlfield><controlfield tag="008">060222s1000------------r-----000-0-eng-d</controlfield><datafield ind1=" " ind2=" " tag="100"><subfield code="a">West, John B</subfield></datafield><datafield ind1=" " ind2=" " tag="245"><subfield code="a">The use of radioactive materials in the study of lung function</subfield></datafield><datafield ind1=" " ind2=" " tag="260"><subfield code="a">Amersham, The Radiochemical Centre, 1966. 19p</subfield></datafield><datafield ind1=" " ind2=" " tag="490"><subfield code="a">Medical Monograph</subfield></datafield><datafield ind1=" " ind2=" " tag="852"><subfield code="a">27326</subfield></datafield></record></collection>